@Book{book:decibel,
 author = {},
 title = {IEEE 100 : the authoritative dictionary of IEEE standards terms},
 publisher = {Standards Information Network, IEEE Press},
 year = {2000},
 address = {New York},
 isbn = {0738126012}
}
@article{molla2017egocentric,
  title={Egocentric Mapping of Body Surface Constraints},
  author={Molla, Eray and Galvan Debarba, Henrique and Boulic, Ronan},
  journal={TCG},
  year={2017},
  publisher={TCG}
}
@online{plotly,
author = {Plotly Technologies Inc.},
title = {Collaborative data science},
publisher = {Plotly Technologies Inc.},
address = {Montréal, QC},
year = {2015},
url = {https://plot.ly}
}
@inproceedings{molla2013singularity,
  title={Singularity free parametrization of human limbs},
  author={Molla, Eray and Boulic, Ronan},
  booktitle={Proceedings of Motion on Games},
  pages={187--196},
  year={2013},
  organization={ACM}
}
@inproceedings{flores2008improving,
  title={Improving patient motivation in game development for motor deficit rehabilitation},
  author={Flores, Eletha and Tobon, Gabriel and Cavallaro, Ettore and Cavallaro, Francesca I and Perry, Joel C and Keller, Thierry},
  booktitle={Proceedings of the 2008 International Conference on Advances in Computer Entertainment Technology},
  pages={381--384},
  year={2008},
  organization={ACM}
}
@phdthesis{molla2016precise,
  title={Precise and Responsive Performance Animation for Embodied Immersive Interactions},
  author={Molla, Eray},
  school={Ecole Polytechnique Fédérale de Lausanne},
  year={2016}
}